<record><leader>00000cas a2200000 a 4500</leader><controlfield tag="001">7880976</controlfield><controlfield tag="008">811026d18801908nmudn ne      0   a0eng c</controlfield><datafield ind1=" " ind2=" " tag="010"><subfield code="a">sn 86063592 </subfield></datafield><datafield ind1=" " ind2=" " tag="040"><subfield code="a">IQU</subfield><subfield code="b">eng</subfield><subfield code="c">IQU</subfield><subfield code="d">NPT</subfield><subfield code="d">UNP</subfield><subfield code="d">IUL</subfield><subfield code="d">ANU</subfield><subfield code="d">NVM</subfield><subfield code="d">CNK</subfield><subfield code="d">NVM</subfield><subfield code="d">OCLCQ</subfield><subfield code="d">DLC</subfield><subfield code="d">OCLCQ</subfield><subfield code="d">OCLCF</subfield><subfield code="d">OCLCO</subfield><subfield code="d">DLC</subfield><subfield code="d">IUL</subfield></datafield><datafield ind1="0" ind2=" " tag="022"><subfield code="a">2472-1816</subfield><subfield code="l">2472-1816</subfield><subfield code="2">1</subfield></datafield><datafield ind1=" " ind2=" " tag="042"><subfield code="a">pcc</subfield><subfield code="a">nsdp</subfield></datafield><datafield ind1=" " ind2=" " tag="043"><subfield code="a">n-us-nm</subfield></datafield><datafield ind1="0" ind2="0" tag="050"><subfield code="a">Newspaper</subfield></datafield><datafield ind1=" " ind2="4" tag="050"><subfield code="a">AN2</subfield><subfield code="b">.L36</subfield></datafield><datafield ind1="0" ind2=" " tag="130"><subfield code="a">Las Vegas daily optic (Las Vegas, N.M. : 1880)</subfield></datafield><datafield ind1=" " ind2="4" tag="222"><subfield code="a">Las Vegas daily optic</subfield><subfield code="b">(Las Vegas, N.M. 1880. Print)</subfield></datafield><datafield ind1="1" ind2="0" tag="245"><subfield code="a">Las Vegas daily optic.</subfield></datafield><datafield ind1=" " ind2=" " tag="260"><subfield code="a">Las Vegas, N.M. :</subfield><subfield code="b">R.A. Kistler</subfield></datafield><datafield ind1=" " ind2=" " tag="300"><subfield code="a">v.</subfield></datafield><datafield ind1=" " ind2=" " tag="310"><subfield code="a">Daily (except Sunday)</subfield></datafield><datafield ind1="1" ind2=" " tag="362"><subfield code="a">Began in 1880.</subfield></datafield><datafield ind1="0" ind2=" " tag="362"><subfield code="a">-v. 29, no. [284] (Oct. 7, 1908.</subfield></datafield><datafield ind1=" " ind2=" " tag="500"><subfield code="a">Microfilm published by BMI Imaging Systems; issued in series: Chicano serials collection.</subfield></datafield><datafield ind1=" " ind2=" " tag="530"><subfield code="a">Archived issues are available in digital format from the Library of Congress Chronicling America online collection.</subfield></datafield><datafield ind1=" " ind2=" " tag="580"><subfield code="a">Weekly ed.: Las Vegas weekly optic, 1879-189 ; Las Vegas weekly optic and stock grower, 1898-1900.</subfield></datafield><datafield ind1=" " ind2=" " tag="588"><subfield code="a">Description based on: Vol. 1, no. 274 (Sept. 20, 1880).</subfield></datafield><datafield ind1=" " ind2="0" tag="651"><subfield code="a">Las Vegas (N.M.)</subfield><subfield code="v">Newspapers.</subfield></datafield><datafield ind1=" " ind2="0" tag="651"><subfield code="a">San Miguel County (N.M.)</subfield><subfield code="v">Newspapers.</subfield></datafield><datafield ind1=" " ind2="7" tag="651"><subfield code="a">New Mexico</subfield><subfield code="z">Las Vegas.</subfield><subfield code="2">fast</subfield><subfield code="0">(OCoLC)fst01216596</subfield></datafield><datafield ind1=" " ind2="7" tag="651"><subfield code="a">New Mexico</subfield><subfield code="z">San Miguel County.</subfield><subfield code="2">fast</subfield><subfield code="0">(OCoLC)fst01209378</subfield></datafield><datafield ind1=" " ind2="7" tag="655"><subfield code="a">Newspapers.</subfield><subfield code="2">fast</subfield><subfield code="0">(OCoLC)fst01423814</subfield></datafield><datafield ind1=" " ind2=" " tag="752"><subfield code="a">United States</subfield><subfield code="b">New Mexico</subfield><subfield code="c">San Miguel</subfield><subfield code="d">Las Vegas.</subfield></datafield><datafield ind1="1" ind2=" " tag="775"><subfield code="t">Las Vegas weekly optic</subfield><subfield code="w">(DLC)sn 86063593</subfield><subfield code="w">(OCoLC)13420120</subfield></datafield><datafield ind1="1" ind2=" " tag="775"><subfield code="t">Las Vegas weekly optic and stock grower</subfield><subfield code="x">2329-7603</subfield><subfield code="w">(DLC)sn 92070422</subfield><subfield code="w">(OCoLC)26068453</subfield></datafield><datafield ind1="0" ind2="8" tag="776"><subfield code="i">Online version:</subfield><subfield code="t">Las Vegas daily optic (Las Vegas, N.M. : 1880)</subfield><subfield code="x">2472-1824</subfield><subfield code="w">(DLC)  2016271066</subfield><subfield code="w">(OCoLC)664615248</subfield></datafield><datafield ind1="0" ind2="0" tag="780"><subfield code="t">Daily optic (Las Vegas, N.M.)</subfield><subfield code="w">(DLC)sn 86063835</subfield><subfield code="w">(OCoLC)13420108</subfield></datafield><datafield ind1="0" ind2="0" tag="785"><subfield code="t">Las Vegas optic</subfield><subfield code="x">2472-1859</subfield><subfield code="w">(DLC)sn 92070417</subfield><subfield code="w">(OCoLC)26068437</subfield></datafield><datafield ind1="4" ind2="1" tag="856"><subfield code="u">http://www.loc.gov/chroniclingamerica/lccn/sn86063592/issues</subfield></datafield><datafield ind1="1" ind2=" " tag="029"><subfield code="a">AU@</subfield><subfield code="b">000025814477</subfield></datafield></record>